@online{martinfowler-cqs,
    author = "Martin Fowler",
    title = "CommandQuerySeparation",
    url  = "https://martinfowler.com/bliki/CommandQuerySeparation.html",
    addendum = "(accessed: 27.12.2022)",
    keywords = "cqs"
}

@online{martinfowler-cqrs,
    author = "Martin Fowler",
    title = "CommandQueryResponsibilitySegregation",
    url  = "https://martinfowler.com/bliki/CQRS.html",
    addendum = "(accessed: 27.12.2022)",
    keywords = "cqrs"
}

@book{cqrs-in-practise,
    title = {Practitionersâ€™ view on command query responsibility segregation},
    author = {Nazife Korkmaz, Martin Nilsson},
    year = {2014},
    publisher = {School of Economics and Management Department of Informatics Lund University},
    keywords = "cqrs"
}

@online{
    solid-principles,
    title = {SOLID Design Principles Explained: The Single Responsibility Principle},
    url = "https://stackify.com/solid-design-principles/",
    addendum = "(accessed: 27.12.2022)",
    keywords = "solid,srp"
}

@online{
    mediatr,
    title = {MediatR Wiki},
    url = "https://github.com/jbogard/MediatR/wiki",
    addendum = "(accessed: 27.12.2022)",
    keywords = "mediatr,csharp,cqs"
}
